@article{knuth84,
  author = {Knuth, Donald E.},
  title = {Literate Programming},
  year = {1984},
  issue_date = {May 1984},
  publisher = {Oxford University Press, Inc.},
  address = {USA},
  volume = {27},
  number = {2},
  issn = {0010-4620},
  url = {https://doi.org/10.1093/comjnl/27.2.97},
  doi = {10.1093/comjnl/27.2.97},
  journal = {Comput. J.},
  month = may,
  pages = {97–111},
  numpages = {15}
}


@misc{usdepartmentofcommerceNationalDataBuoy,
	title = {National Data Buoy Center},
	author = {US Department of Commerce, National Oceanic and Atmospheric Administration},
	url = {https://www.ndbc.noaa.gov/},
	year = {2025},
	langid = {EN-US}
}

@misc{USEnergy,
	title = {U.S. Energy Information Administration (EIA)},
	url = {https://www.eia.gov/index.php},
	year = {2025},
	note = {Citation Key: USEnergy}
}

@misc{Dauphinisland_etm_20001129jpg720x480,
	title = {dauphinisland{\_}etm{\_}20001129.jpg (720×480)},
	url = {https://eoimages.gsfc.nasa.gov/images/imagerecords/152000/152444/dauphinisland_etm_20001129.jpg},
	year = {2025}
}

@misc{rcoreteamProjectStatisticalComputing2023,
	title = {R: The R Project for Statistical Computing},
	author = {R Core Team, },
	year = {2023},
	date = {2023},
	url = {https://www.r-project.org/}
}

@article{wickhamWelcomeTidyverse2019,
	title = {Welcome to the Tidyverse},
	author = {Wickham, Hadley and Averick, Mara and Bryan, Jennifer and Chang, Winston and McGowan, {Lucy D'Agostino} and {François}, Romain and Grolemund, Garrett and Hayes, Alex and Henry, Lionel and Hester, Jim and Kuhn, Max and Pedersen, Thomas Lin and Miller, Evan and Bache, Stephan Milton and {Müller}, Kirill and Ooms, Jeroen and Robinson, David and Seidel, Dana Paige and Spinu, Vitalie and Takahashi, Kohske and Vaughan, Davis and Wilke, Claus and Woo, Kara and Yutani, Hiroaki},
	year = {2019},
	month = {11},
	date = {2019-11-21},
	journal = {Journal of Open Source Software},
	pages = {1686},
	volume = {4},
	number = {43},
	doi = {10.21105/joss.01686},
	url = {https://joss.theoj.org/papers/10.21105/joss.01686},
	langid = {en}
}

@techreport{DOE2024_GridResilience,
  title = {Biennial Report to Congress: Preventing Outages and Enhancing the Resilience of the Electric Grid},
  author = {{U.S. Department of Energy}},
  institution = {{United States Department of Energy}},
  type = {Report},
  number = {EXEC-2023-003585},
  address = {Washington, D.C.},
  year = {2024},
  url = {https://www.energy.gov/sites/default/files/2024-08/EXEC-2023-003585%20-%20Congressional%20Report%20on%20Preventing%20Outages%20and%20Enhancing%20the%20Resilience%20of%20the%20Electric%20Grid_sb-S1_7.1.pdf},
  note = {Report to Congress}
}

@article{barberNuclearPowerPlants,
	title = {Nuclear Power Plants Are Struggling to Stay Cool},
	author = {Barber, Gregory},
	journal = {Wired},
	year = {2022},
	url = {https://www.wired.com/story/nuclear-power-plants-struggling-to-stay-cool/},
	note = {Section: tags},
}
